<record><leader>00000cas a22000007a 4500</leader><controlfield tag="001">21480302</controlfield><controlfield tag="008">900504d19781979mduwr ne      0    0eng d</controlfield><datafield ind1=" " ind2=" " tag="010"><subfield code="a">sn 90057079 </subfield></datafield><datafield ind1=" " ind2=" " tag="040"><subfield code="a">MFN</subfield><subfield code="b">eng</subfield><subfield code="c">MFN</subfield><subfield code="d">OCLCQ</subfield></datafield><datafield ind1=" " ind2=" " tag="042"><subfield code="a">msc</subfield></datafield><datafield ind1="0" ind2="4" tag="245"><subfield code="a">The tribune Prince George's.</subfield></datafield><datafield ind1="3" ind2="0" tag="246"><subfield code="a">Prince George's tribune</subfield></datafield><datafield ind1=" " ind2=" " tag="260"><subfield code="a">Landover, Md. :</subfield><subfield code="b">Metropolitan Tribune Co.</subfield></datafield><datafield ind1=" " ind2=" " tag="300"><subfield code="a">v.</subfield></datafield><datafield ind1="0" ind2=" " tag="362"><subfield code="a">Vol. 1, no. 1 (Nov. 27, 1978)-</subfield></datafield><datafield ind1="1" ind2=" " tag="362"><subfield code="a">Ceased in 1979.</subfield></datafield><datafield ind1=" " ind2=" " tag="752"><subfield code="a">United States</subfield><subfield code="b">Maryland</subfield><subfield code="c">Prince George's</subfield><subfield code="d">Landover.</subfield></datafield><datafield ind1="0" ind2="0" tag="785"><subfield code="t">Tribune (Landover, Md.)</subfield><subfield code="w">(DLC)sn 90057081</subfield></datafield></record>